<record><leader>00000cas a22000007a 4500</leader><controlfield tag="001">13901475</controlfield><controlfield tag="008">860718d189u189ualuwr ne      0    0eng d</controlfield><datafield ind1=" " ind2=" " tag="010"><subfield code="a">sn 86050286 </subfield></datafield><datafield ind1=" " ind2=" " tag="040"><subfield code="a">AAR</subfield><subfield code="b">eng</subfield><subfield code="c">AAR</subfield><subfield code="d">CPN</subfield><subfield code="d">OCLCQ</subfield></datafield><datafield ind1=" " ind2=" " tag="042"><subfield code="a">msc</subfield></datafield><datafield ind1="0" ind2=" " tag="130"><subfield code="a">Mirror (Geneva, Ala.)</subfield></datafield><datafield ind1="1" ind2="4" tag="245"><subfield code="a">The Mirror.</subfield></datafield><datafield ind1=" " ind2=" " tag="260"><subfield code="a">Geneva, Ala. :</subfield><subfield code="b">McLellan Bros.</subfield></datafield><datafield ind1=" " ind2=" " tag="300"><subfield code="a">v. :</subfield><subfield code="b">ill. ;</subfield><subfield code="c">58 cm.</subfield></datafield><datafield ind1=" " ind2=" " tag="310"><subfield code="a">Weekly</subfield></datafield><datafield ind1=" " ind2=" " tag="588"><subfield code="a">Description based on: Vol. 1, no. 27 (Aug. 5, 1892).</subfield></datafield><datafield ind1=" " ind2=" " tag="752"><subfield code="a">United States</subfield><subfield code="b">Alabama</subfield><subfield code="c">Geneva</subfield><subfield code="d">Geneva.</subfield></datafield><datafield ind1="0" ind2="0" tag="785"><subfield code="t">Geneva mirror</subfield><subfield code="w">(DLC)sn 86050287</subfield></datafield></record>